@inproceedings{wu2022contrastive,
  title="{Contrastive Learning for Robust Android Malware Familial Classification}",
  author={Wu, Yueming and Dou, Shihan and Zou, Deqing and Yang, Wei and Qiang, Weizhong and Jin, Hai},
  booktitle={IEEE Transactions on Dependable and Secure Computing},
  pages={1--14},
  year={2022}
}

@inproceedings{arp2022dos,
  title="{Dos and Don'ts of Machine Learning in Computer Security}",
  author={Arp, Daniel and Quiring, Erwin and Pendlebury, Feargus and Warnecke, Alexander and Pierazzi, Fabio and Wressnegger, Christian and Cavallaro, Lorenzo and Rieck, Konrad},
  booktitle={31st USENIX Security Symposium (USENIX Security 22)},
  pages={3971--3988},
  year={2022}
}

@phdthesis{el2022anomaly,
  title="{Anomaly Detection at the Edge implementing Machine Learning Techniques}",
  author={El Baltaji, Ghassan},
  year={2022},
  month={March},
  school={Politecnico di Torino - Department of Mathematical Sciences (DISMA)},
  type={Master's thesis}
}

@inproceedings{papp2022simbiotaml,
  title="{SIMBIoTA-ML: Light-weight, Machine Learning-based Malware Detection for Embedded IoT Devices}",
  author={Papp, Dorottya and Acs, Gergely and Nagy, Roland and Butty{\'a}n, Levente},
  booktitle={IoTBDS},
  pages={55--66},
  year={2022}
}

@inproceedings{sandor2023increasing,
  title="{Increasing the Robustness of a Machine Learning-based IoT Malware Detection Method with Adversarial Training}",
  author={S{\'a}ndor, J{\'o}zsef and Nagy, Roland and Butty{\'a}n, Levente},
  booktitle={Proceedings of the 2023 ACM Workshop on Wireless Security and Machine Learning},
  pages={3--8},
  year={2023}
}

@inproceedings{antonakakis2017understanding,
  title={Understanding the mirai botnet},
  author={Antonakakis, Manos and April, Tim and Bailey, Michael and Bernhard, Matt and Bursztein, Elie and Cochran, Jaime and Durumeric, Zakir and Halderman, J Alex and Invernizzi, Luca and Kallitsis, Michalis and others},
  booktitle={26th USENIX security symposium (USENIX Security 17)},
  pages={1093--1110},
  year={2017}
}

@inproceedings{tamas2021simbiota,
  title="{SIMBIoTA: Similarity-based Malware Detection on IoT Devices}",
  author={Tam{\'a}s, Csongor and Papp, Dorottya and Butty{\'a}n, Levente},
  booktitle={IoTBDS},
  pages={58--69},
  year={2021}
}

@inproceedings{cozzi2020tangled,
  title="{The Tangled Genealogy of IoT Malware}",
  author={Cozzi, Emanuele and Vervier, Pierre-Antoine and Dell'Amico, Matteo and Shen, Yun and Bilge, Leyla and Balzarotti, Davide},
  booktitle={Annual Computer Security Applications Conference},
  pages={1--16},
  year={2020}
}

@inproceedings{goyal2019http,
  title="{HTTP Botnet Detection in IoT Devices using Network Traffic Analysis}",
  author={Goyal, Mohit and Sahoo, Ipsit and Geethakumari, G},
  booktitle={2019 International Conference on Recent Advances in Energy-efficient Computing and Communication (ICRAECC)},
  pages={1--6},
  year={2019},
  organization={IEEE}
}

@article{khosla2020supervised,
  title="{Supervised Contrastive Learning}",
  author={Khosla, Prannay and Teterwak, Piotr and Wang, Chen and Sarna, Aaron and Tian, Yonglong and Isola, Phillip and Maschinot, Aaron and Liu, Ce and Krishnan, Dilip},
  journal={Advances in neural information processing systems},
  volume={33},
  pages={18661--18673},
  year={2020}
}

@article{zhang2018generalized,
  title="{Generalized Cross Entropy Loss for Training Deep Neural Networks with Noisy Labels}",
  author={Zhang, Zhilu and Sabuncu, Mert},
  journal={Advances in neural information processing systems},
  volume={31},
  pages={8792â€“-8802},
  year={2018}
}

@misc{kivva2023itthreat,
  title="{IT threat evolution in Q3 2023. Mobile statistics}",
  howpublished={\url{https://securelist.com/it-threat-evolution-q3-2023-mobile-statistics/111224/}},
  note={last accessed: 2024-01-22},
  year={2023},
  author={Kivva, Anton}
}

@inproceedings{dong2018understanding,
  title="{Understanding Android Obfuscation Techniques: A Large-Scale Investigation in the Wild}",
  author={Dong, Shuaike and Li, Menghao and Diao, Wenrui and Liu, Xiangyu and Liu, Jian and Li, Zhou and Xu, Fenghao and Chen, Kai and Wang, Xiaofeng and Zhang, Kehuan},
  booktitle={Security and Privacy in Communication Networks: 14th International Conference, SecureComm 2018, Singapore, Singapore, August 8-10, 2018, Proceedings, Part I},
  pages={172--192},
  year={2018},
  organization={Springer}
}

@misc{desnos2011androguard,
  title="{Androguard}",
  howpublished={\url{https://github.com/androguard/androguard}},
  note={last accessed: 2024-01-31},
  year={2011},
  author={Desnos, Anthony}
}

@article{fan2018android,
  title="{Android malware familial classification and representative sample selection via frequent subgraph analysis}",
  author={Fan, Ming and Liu, Jun and Luo, Xiapu and Chen, Kai and Tian, Zhenzhou and Zheng, Qinghua and Liu, Ting},
  journal={IEEE Transactions on Information Forensics and Security},
  volume={13},
  number={8},
  pages={1890--1905},
  year={2018},
  publisher={IEEE}
}

@inproceedings{nataraj2011malware,
  title="{Malware images: visualization and automatic classification}",
  author={Nataraj, Lakshmanan and Karthikeyan, Sreejith and Jacob, Gregoire and Manjunath, Bangalore S},
  booktitle={Proceedings of the 8th international symposium on visualization for cyber security},
  pages={1--7},
  year={2011}
}

@article{freeman2002centrality,
  title="{Centrality in social networks: Conceptual clarification}",
  author={Freeman, Linton C and others},
  journal={Social network: critical concepts in sociology. Londres: Routledge},
  volume={1},
  pages={238--263},
  year={2002}
}

@article{katz1953new,
  title={A new status index derived from sociometric analysis},
  author={Katz, Leo},
  journal={Psychometrika},
  volume={18},
  number={1},
  pages={39--43},
  year={1953},
  publisher={Springer}
}

@article{marchiori2000harmony,
  title="{Harmony in the small-world}",
  author={Marchiori, Massimo and Latora, Vito},
  journal={Physica A: Statistical Mechanics and its Applications},
  volume={285},
  number={3-4},
  pages={539--546},
  year={2000},
  publisher={Elsevier}
}

@inproceedings{gong2020experiences,
  title="{Experiences of landing machine learning onto market-scale mobile malware detection}",
  author={Gong, Liangyi and Li, Zhenhua and Qian, Feng and Zhang, Zifan and Chen, Qi Alfred and Qian, Zhiyun and Lin, Hao and Liu, Yunhao},
  booktitle={Proceedings of the Fifteenth European Conference on Computer Systems},
  pages={1--14},
  year={2020}
}

@article{spearman1904proof,
  title="{The proof and measurement of association between two things}",
  author={Spearman, Charles},
  journal={The American Journal of Psychology},
  volume={15},
  number={1},
  pages={72--101},
  year={1904},
  publisher={University of Illinois Press}
}

@inproceedings{backes2016demystifying,
  title="{On demystifying the android application framework: Re-Visiting android permission specification analysis}",
  author={Backes, Michael and Bugiel, Sven and Derr, Erik and McDaniel, Patrick and Octeau, Damien and Weisgerber, Sebastian},
  booktitle={25th USENIX security symposium (USENIX security 16)},
  pages={1101--1118},
  year={2016}
}

@inproceedings{au2012pscout,
  title="{PScout: analyzing the android permission specification}",
  author={Au, Kathy Wain Yee and Zhou, Yi Fan and Huang, Zhen and Lie, David},
  booktitle={Proceedings of the 2012 ACM conference on Computer and communications security},
  pages={217--228},
  year={2012}
}

@inproceedings{he2016deep,
  title="{Deep residual learning for image recognition}",
  author={He, Kaiming and Zhang, Xiangyu and Ren, Shaoqing and Sun, Jian},
  booktitle={Proceedings of the IEEE conference on computer vision and pattern recognition},
  pages={770--778},
  year={2016}
}

@inproceedings{allix2016androzoo,
  title="{AndroZoo: Collecting millions of android apps for the research community}",
  author={Allix, Kevin and Bissyand{\'e}, Tegawend{\'e} F and Klein, Jacques and Le Traon, Yves},
  booktitle={Proceedings of the 13th international conference on mining software repositories},
  series={MSR '16},
  pages={468--471},
  year={2016}
}

@misc{allix2024androzooweb,
  title="{AndroZoo}",
  howpublished={\url{https://androzoo.uni.lu/}},
  note={last accessed: 2024-02-07},
  year={2024},
  author={Allix, Kevin and Bissyand{\'e}, Tegawend{\'e} F. and Klein, Jacques and Le Traon, Yves}
}

@inproceedings{hurier2017euphony,
  title="{Euphony: Harmonious unification of cacophonous anti-virus vendor labels for android malware}",
  author={Hurier, M{\'e}d{\'e}ric and Suarez-Tangil, Guillermo and Dash, Santanu Kumar and Bissyand{\'e}, Tegawend{\'e} F and Le Traon, Yves and Klein, Jacques and Cavallaro, Lorenzo},
  booktitle={2017 IEEE/ACM 14th International Conference on Mining Software Repositories (MSR)},
  pages={425--435},
  year={2017},
  organization={IEEE}
}

@inproceedings{bastian2009gephi,
  title="{Gephi: an open source software for exploring and manipulating networks}",
  author={Bastian, Mathieu and Heymann, Sebastien and Jacomy, Mathieu},
  booktitle={Proceedings of the international AAAI conference on web and social media},
  volume={3},
  number={1},
  pages={361--362},
  year={2009}
}

@article{fruchterman1991graph,
  title="{Graph drawing by force-directed placement}",
  author={Fruchterman, Thomas MJ and Reingold, Edward M},
  journal={Software: Practice and experience},
  volume={21},
  number={11},
  pages={1129--1164},
  year={1991},
  publisher={Wiley Online Library}
}

@techreport{hagberg2008exploring,
  title="{Exploring network structure, dynamics, and function using NetworkX}",
  author={Hagberg, Aric and Swart, Pieter and S Chult, Daniel},
  year={2008},
  institution={Los Alamos National Lab.(LANL), Los Alamos, NM (United States)}
}

@article{wasserman1994social,
  title="{Social network analysis: methods and applications}",
  author={Wasserman, Stanley and Faust, Katherine},
  journal={Cambridge University Press},
  pages={200--201},
  year={1994}
}

@Article{harris2020array,
  title="{Array programming with {NumPy}}",
  author={Charles R. Harris and K. Jarrod Millman and St{\'{e}}fan J. van der Walt and Ralf Gommers and Pauli Virtanen and David Cournapeau and Eric Wieser and Julian Taylor and Sebastian Berg and Nathaniel J. Smith and Robert Kern and Matti Picus and Stephan Hoyer and Marten H. van Kerkwijk and Matthew Brett and Allan Haldane and Jaime Fern{\'{a}}ndez del R{\'{i}}o and Mark Wiebe and Pearu Peterson and Pierre G{\'{e}}rard-Marchant and Kevin Sheppard and Tyler Reddy and Warren Weckesser and Hameer Abbasi and Christoph Gohlke and Travis E. Oliphant},
  year={2020},
  journal={Nature},
  volume={585},
  number={7825},
  pages={357--362},
}

@article{paszke2019pytorch,
  title="{Pytorch: An imperative style, high-performance deep learning library}",
  author={Paszke, Adam and Gross, Sam and Massa, Francisco and Lerer, Adam and Bradbury, James and Chanan, Gregory and Killeen, Trevor and Lin, Zeming and Gimelshein, Natalia and Antiga, Luca and others},
  journal={Advances in neural information processing systems},
  volume={32},
  year={2019}
}

@article{wu2021obfuscation,
  title="{Obfuscation-resilient android malware analysis based on contrastive learning}",
  author={Wu, Yueming and Dou, Shihan and Zou, Deqing and Yang, Wei and Qiang, Weizhong and Jin, Hai},
  journal={arXiv e-prints},
  pages={arXiv--2107},
  year={2021}
}

@inproceedings{dib2022evoliot,
  title="{EVOLIoT: A self-supervised contrastive learning framework for detecting and characterizing evolving IoT malware variants}",
  author={Dib, Mirabelle and Torabi, Sadegh and Bou-Harb, Elias and Bouguila, Nizar and Assi, Chadi},
  booktitle={Proceedings of the 2022 ACM on Asia Conference on Computer and Communications Security},
  pages={452--466},
  year={2022}
}

@inproceedings{sebastian2016avclass,
  title="{Avclass: A tool for massive malware labeling}",
  author={Sebasti{\'a}n, Marcos and Rivera, Richard and Kotzias, Platon and Caballero, Juan},
  booktitle={Research in Attacks, Intrusions, and Defenses: 19th International Symposium, RAID 2016, Paris, France, September 19-21, 2016, Proceedings 19},
  pages={230--253},
  year={2016},
  organization={Springer}
}

@article{wu2023iot,
  title="{IoT malware classification based on reinterpreted function-call graphs}",
  author={Wu, Chia-Yi and Ban, Tao and Cheng, Shin-Ming and Takahashi, Takeshi and Inoue, Daisuke},
  journal={Computers \& Security},
  volume={125},
  pages={103060},
  year={2023},
  publisher={Elsevier}
}

@book{radare2book,
	author={Radare2 Team},
	title="{Radare2 Book}",
	year={2017},
	publisher={GitHub},
	howpublished={\url{https://radare.gitbooks.io/radare2book/content/}},
}

@article{akabane2021identification,
  title="{Identification of toolchains used to build IoT malware with statically linked libraries}",
  author={Akabane, Shu and Okamoto, Takeshi},
  journal={Procedia Computer Science},
  volume={192},
  pages={5130--5138},
  year={2021},
  publisher={Elsevier}
}

@article{akabane2020identification,
  title="{Identification of library functions statically linked to Linux malware without symbols}",
  author={Akabane, Shu and Okamoto, Takeshi},
  journal={Procedia Computer Science},
  volume={176},
  pages={3436--3445},
  year={2020},
  publisher={Elsevier}
}

@misc{hex2015idaflirt,
  title="{IDA F.L.I.R.T. technology: in-depth}",
  howpublished={\url{https://hex-rays.com/products/ida/tech/flirt/in_depth/}},
  note={last accessed: 2024-02-16},
  year={2015},
  author={Hex-Rays}
}

@misc{xorpd2015fcatalog,
  title="{FCatalog}",
  howpublished={\url{https://www.xorpd.net/pages/fcatalog.html}},
  note={last accessed: 2024-02-16},
  year={2015},
  author={xorpd}
}

@article{dullien2005graph,
  title={Graph-based comparison of executable objects (english version)},
  author={Dullien, Thomas and Rolles, Rolf},
  journal={Sstic},
  volume={5},
  number={1},
  pages={3},
  year={2005}
}

@inproceedings{huang2017binsequence,
  title={Binsequence: Fast, accurate and scalable binary code reuse detection},
  author={Huang, He and Youssef, Amr M and Debbabi, Mourad},
  booktitle={Proceedings of the 2017 ACM on Asia conference on computer and communications security},
  pages={155--166},
  year={2017}
}

@misc{anna2016mirai,
  title="{Worldâ€™s largest net: Mirai botnet, client, echo loader, CNC source code release}",
  howpublished={\url{https://github.com/jgamblin/Mirai-Source-Code/blob/master/ForumPost.md}},
  note={last accessed: 2024-02-16},
  year={2016},
  author={Anna-senpai}
}

@misc{landley2002firmware,
  title="{Firmware Linux}",
  howpublished={\url{https://landley.net/code/firmware/old}},
  note={last accessed: 2024-02-16},
  year={2002},
  author={Landley, Rob}
}

@book{prince2024understanding,
  title="{Understanding Deep Learning}",
  author={Prince, Simon J.D.},
  year={2024},
  publisher={MIT press}
}

@inproceedings{zhang2020empirical,
  title="{Empirical studies on the properties of linear regions in deep neural networks}",
  author={Zhang, Xiao and Wu, Dongrui},
  booktitle={International Conference on Learning Representations},
  year={2020}
}

@inproceedings{ioffe2015batch,
  title="{Batch normalization: Accelerating deep network training by reducing internal covariate shift}",
  author={Ioffe, Sergey and Szegedy, Christian},
  booktitle={International conference on machine learning},
  pages={448--456},
  year={2015},
  organization={pmlr}
}

@book{zhang2023dive,
  title="{Dive into deep learning}",
  author={Zhang, Aston and Lipton, Zachary C and Li, Mu and Smola, Alexander J},
  year={2023},
  publisher={Cambridge University Press}
}

@incollection{mostafa2021diagnosis,
  title="{Diagnosis of autism spectrum disorder with convolutional autoencoder and structural MRI images}",
  author={Mostafa, Sakib and Wu, Fang-Xiang},
  booktitle={Neural engineering techniques for autism spectrum disorder},
  pages={23--38},
  year={2021},
  publisher={Elsevier}
}

@book{sikorski2012practical,
  title="{Practical malware analysis: the hands-on guide to dissecting malicious software}",
  author={Sikorski, Michael and Honig, Andrew},
  year={2012},
  publisher={no starch press}
}

@book{andriesse2018practical,
  title="{Practical binary analysis: build your own Linux tools for binary instrumentation, analysis, and disassembly}",
  author={Andriesse, Dennis},
  year={2018},
  publisher={no starch press}
}

@article{tahir2018study,
  title="{A study on malware and malware detection techniques}",
  author={Tahir, Rabia},
  journal={International Journal of Education and Management Engineering},
  volume={8},
  number={2},
  pages={20},
  year={2018},
  publisher={Modern Education and Computer Science Press}
}

@inproceedings{you2010malware,
  title="{Malware obfuscation techniques: A brief survey}",
  author={You, Ilsun and Yim, Kangbin},
  booktitle={2010 International conference on broadband, wireless computing, communication and applications},
  pages={297--300},
  year={2010},
  organization={IEEE}
}

@book{mackay2003information,
  title="{Information theory, inference and learning algorithms}",
  author={MacKay, David JC},
  year={2003},
  publisher={Cambridge university press}
}

@book{bishop2006pattern,
  title="{Pattern recognition and machine learning}",
  author={Bishop, Christopher},
  year={2006},
  publisher={Springer}
}

@book{dirac1981principles,
  title="{The principles of quantum mechanics}",
  author={Dirac, Paul Adrien Maurice},
  number={27},
  year={1981},
  publisher={Oxford university press}
}

@article{kim2022generalized,
  title="{A Generalized Supervised Contrastive Learning Framework}",
  author={Kim, Jaewon and Chang, Jooyoung and Park, Sang Min},
  journal={arXiv preprint arXiv:2206.00384},
  year={2022}
}

@phdthesis{cozzi2020binary,
  title="{Binary Analysis for Linux and IoT Malware}",
  author={Cozzi, Emanuele},
  year={2020},
  school={Sorbonne universit{\'e}}
}

@inproceedings{cozzi2018understanding,
  title="{Understanding linux malware}",
  author={Cozzi, Emanuele and Graziano, Mariano and Fratantonio, Yanick and Balzarotti, Davide},
  booktitle={2018 IEEE symposium on security and privacy (SP)},
  pages={161--175},
  year={2018},
  organization={IEEE}
}